<?xml version="1.0" encoding="UTF-8" ?>
<collection xmlns:xsi="http://www.w3.org/2001/XMLSchema-instance"
    xsi:schemaLocation="http://www.loc.gov/MARC21/slim
        http://www.loc.gov/standards/marcxml/schema/MARC21slim.xsd"
    xmlns="http://www.loc.gov/MARC21/slim">
<record>
  <leader>00262cam a2200505 i 4500</leader>
  <controlfield tag="001">b12620105</controlfield>
  <controlfield tag="003">LeBAU</controlfield>
  <controlfield tag="005">20140709</controlfield>
  <controlfield tag="008">970830s1907    ua            ||0 f ara d</controlfield>
  <datafield tag="035" ind1=" " ind2=" ">
    <subfield code="a">ocn784430363</subfield>
  </datafield>
  <datafield tag="040" ind1=" " ind2=" ">
    <subfield code="a">LEAUB</subfield>
    <subfield code="b">ara</subfield>
    <subfield code="e">rda</subfield>
    <subfield code="c">LEAUB</subfield>
    <subfield code="d">LEAUB</subfield>
  </datafield>
  <datafield tag="082" ind1="0" ind2="4">
    <subfield code="a">892.78</subfield>
    <subfield code="2">22</subfield>
  </datafield>
  <datafield tag="100" ind1="1" ind2=" ">
    <subfield code="6">880-01</subfield>
    <subfield code="a">Zaydān, Jirjī,</subfield>
    <subfield code="d">1861-1914,</subfield>
    <subfield code="e">author.</subfield>
  </datafield>
  <datafield tag="245" ind1="1" ind2="0">
    <subfield code="6">880-02</subfield>
    <subfield code="a">al-Amīn wa-al-Ma’mūn /</subfield>
    <subfield code="c">ta’līf Jirjī Zaydān, munshi’ al-Hilāl.</subfield>
  </datafield>
  <datafield tag="264" ind1=" " ind2="1">
    <subfield code="6">880-03</subfield>
    <subfield code="a">al-Fajālah, Miṣr :</subfield>
    <subfield code="b">Maṭba‘at al-Hilāl,</subfield>
    <subfield code="c">1907.</subfield>
  </datafield>
  <datafield tag="300" ind1=" " ind2=" ">
    <subfield code="6">880-04</subfield>
    <subfield code="a">210 pages ;</subfield>
    <subfield code="c">24 cm.</subfield>
  </datafield>
  <datafield tag="336" ind1=" " ind2=" ">
    <subfield code="a">text</subfield>
    <subfield code="b">txt</subfield>
    <subfield code="2">rdacontent</subfield>
  </datafield>
  <datafield tag="337" ind1=" " ind2=" ">
    <subfield code="a">unmediated</subfield>
    <subfield code="b">n</subfield>
    <subfield code="2">rdamedia</subfield>
  </datafield>
  <datafield tag="338" ind1=" " ind2=" ">
    <subfield code="a">volume</subfield>
    <subfield code="b">nc</subfield>
    <subfield code="2">rdacarrier</subfield>
  </datafield>
  <datafield tag="490" ind1="1" ind2=" ">
    <subfield code="6">880-05</subfield>
    <subfield code="a">Riwāyāt tārīkh al-Islām ;</subfield>
    <subfield code="v">al-ḥalaqah al-ḥādīyah ‘asharah</subfield>
  </datafield>
  <datafield tag="500" ind1=" " ind2=" ">
    <subfield code="a">"هي الحلقة الحادية عشرة من سلسلة روايات تاريخ الإسلام وتشمل على ما قام بين الأمين والمأمون من الخلاف بعد وفاة ولدهما الرشيد وقيام الفرس لنصرة المأمون حتى فتحوا بغداد وقتلوا الأمين وأعادوا الخلافة الى إبن أختهم (المامون) ويتخلل ذلك وصف دخائل السياسة بين العرب والفرس وما يقتضي المقام ذكره من الآداب الإجتماعية والعادات والأخلاق ."</subfield>
  </datafield>
  <datafield tag="600" ind1="0" ind2="4">
    <subfield code="a">المأمون،</subfield>
    <subfield code="c">الخليفة،</subfield>
    <subfield code="d">786-833</subfield>
    <subfield code="v">قصة.</subfield>
  </datafield>
  <datafield tag="600" ind1="0" ind2="4">
    <subfield code="a">الأمين،</subfield>
    <subfield code="c">الخليفة،</subfield>
    <subfield code="d">787-813</subfield>
    <subfield code="v">قصة.</subfield>
  </datafield>
  <datafield tag="600" ind1="0" ind2="0">
    <subfield code="a">Maʼmūn,</subfield>
    <subfield code="c">Caliph,</subfield>
    <subfield code="d">786-833</subfield>
    <subfield code="v">Fiction.</subfield>
  </datafield>
  <datafield tag="600" ind1="0" ind2="0">
    <subfield code="a">Amīn,</subfield>
    <subfield code="c">Caliph,</subfield>
    <subfield code="d">787-813</subfield>
    <subfield code="v">Fiction.</subfield>
  </datafield>
  <datafield tag="651" ind1=" " ind2="4">
    <subfield code="a">الامبراطورية الاسلامية</subfield>
    <subfield code="x">تاريخ</subfield>
    <subfield code="y">750-1258</subfield>
    <subfield code="v">قصة.</subfield>
  </datafield>
  <datafield tag="651" ind1=" " ind2="0">
    <subfield code="a">Islamic Empire</subfield>
    <subfield code="x">History</subfield>
    <subfield code="y">750-1258</subfield>
    <subfield code="v">Fiction.</subfield>
  </datafield>
  <datafield tag="655" ind1=" " ind2="4">
    <subfield code="a">رواية.</subfield>
  </datafield>
  <datafield tag="655" ind1=" " ind2="0">
    <subfield code="a">Novel.</subfield>
  </datafield>
  <datafield tag="775" ind1="0" ind2=" ">
    <subfield code="6">880-06</subfield>
    <subfield code="t">al-Amīn wa-al-Ma’mūn</subfield>
    <subfield code="d">Miṣr : Dār al-Hilāl, 1949</subfield>
    <subfield code="w">(OCoLC)784430364</subfield>
    <subfield code="w">(OCoLC)784430364</subfield>
  </datafield>
  <datafield tag="830" ind1=" " ind2="0">
    <subfield code="6">880-07</subfield>
    <subfield code="a">Riwāyāt tārīkh al-Islām ;</subfield>
    <subfield code="v">11.</subfield>
  </datafield>
  <datafield tag="852" ind1=" " ind2=" ">
    <subfield code="a">Jafet Library</subfield>
    <subfield code="e">American University of Beirut, Bliss Street , Beirut, Lebanon.</subfield>
  </datafield>
  <datafield tag="880" ind1="1" ind2=" ">
    <subfield code="6">100-01/(3/r</subfield>
    <subfield code="a">زيدان، جرجي،</subfield>
    <subfield code="d">1861-1914،</subfield>
    <subfield code="e">مؤلف. </subfield>
    <subfield code="4">aut.</subfield>
  </datafield>
  <datafield tag="880" ind1="1" ind2="3">
    <subfield code="6">245-02/(3/r</subfield>
    <subfield code="a">الأمين و المأمون /</subfield>
    <subfield code="c">تأليف جرجي زيدان، منشىء الهلال.</subfield>
  </datafield>
  <datafield tag="880" ind1=" " ind2="1">
    <subfield code="6">264-03/(3/r</subfield>
    <subfield code="a">الفجالة، مصر :</subfield>
    <subfield code="b">مطبعة الهلال،</subfield>
    <subfield code="c">1907.</subfield>
  </datafield>
  <datafield tag="880" ind1=" " ind2=" ">
    <subfield code="6">300-04/(3/r</subfield>
    <subfield code="a">210 صفحات ؛</subfield>
    <subfield code="c">24 سم.</subfield>
  </datafield>
  <datafield tag="880" ind1="1" ind2=" ">
    <subfield code="6">490-05/(3/r</subfield>
    <subfield code="a">روايات تاريخ الإسلام ؛</subfield>
    <subfield code="v">الحلقة الحادية عشرة</subfield>
  </datafield>
  <datafield tag="880" ind1="0" ind2=" ">
    <subfield code="6">775-06/(3/r</subfield>
    <subfield code="t">الأمين والمأمون</subfield>
    <subfield code="d">مصر : دار الهلال، 1949</subfield>
    <subfield code="w">b12620117</subfield>
    <subfield code="w">(OCoLC)784430364</subfield>
  </datafield>
  <datafield tag="880" ind1=" " ind2="0">
    <subfield code="6">830-07/(3/r</subfield>
    <subfield code="a">روايات تاريخ الإسلام ؛</subfield>
    <subfield code="v">11.</subfield>
  </datafield>
  <datafield tag="907" ind1=" " ind2=" ">
    <subfield code="a">.b12620105</subfield>
    <subfield code="b">16-12-06</subfield>
    <subfield code="c">11-05-24</subfield>
  </datafield>
  <datafield tag="907" ind1=" " ind2=" ">
    <subfield code="a">.b12620105</subfield>
    <subfield code="b">15-10-15</subfield>
    <subfield code="c">11-05-24</subfield>
  </datafield>
  <datafield tag="945" ind1=" " ind2=" ">
    <subfield code="f">J</subfield>
    <subfield code="a">892.78:Z39aiA:c.1</subfield>
    <subfield code="g">1</subfield>
    <subfield code="i">01044338</subfield>
    <subfield code="j">.i1314005x</subfield>
    <subfield code="l">u0503</subfield>
  </datafield>
  <datafield tag="945" ind1=" " ind2=" ">
    <subfield code="f">J</subfield>
    <subfield code="a">892.78:Z39aiA:c.2</subfield>
    <subfield code="g">1</subfield>
    <subfield code="i">00336913</subfield>
    <subfield code="j">.i13140061</subfield>
    <subfield code="l">u0503</subfield>
  </datafield>
  <datafield tag="998" ind1=" " ind2=" ">
    <subfield code="a">u05</subfield>
    <subfield code="b">97-08-30</subfield>
    <subfield code="c">m</subfield>
    <subfield code="d">a</subfield>
    <subfield code="e">-</subfield>
    <subfield code="f">ara</subfield>
    <subfield code="g">ua </subfield>
    <subfield code="h">0</subfield>
    <subfield code="i">2</subfield>
  </datafield>
</record>
</collection>
